% Encoding: UTF-8

@MISC{ azure_iot,
    HOWPUBLISHED =
        "\url{https://docs.microsoft.com/es-es/azure/iot-hub/quickstart-control-device-node}",
    TITLE = "Inicio r√°pido: Control de un dispositivo conectado a IoT Hub
        (Node.js)",
}

@MISC{ node,
    HOWPUBLISHED = "\url{https://nodejs.org/en/}",
    TITLE = "Node.js Download",
}

@MISC{ compiot,
    HOWPUBLISHED =
        "\url{https://medium.com/the-why-and-how/what-cloud-platform-should-you-pick-for-iot-a-head-to-head-between-aws-and-azure-43cf8918fea6}",
    TITLE = "What Cloud Platform Should You Pick for IoT? A Head to Head Between
        AWS and Azure",
    AUTHOR = "Vunvulea, Radu",
    YEAR = 2017, 
    MONTH = "Aug",

}
