@online{gojava,
    title = "Java Official Page",
    url = "https://go.java/index.html?intcmp=gojava-banner-java-com",
}

@online{jvmspec,
    title = "The Java Virtual Machine Specification",
    url = "https://docs.oracle.com/javase/specs/jls/se12/html/index.html",
}

@online{vmachinedesign,
    title = "Virtual Machine Design",
    author = "Taivalsaari, A",
    year = "2003",
}
